@inproceedings{smallfoot,
  author    = {Chen, Guoguo and Parada, Carolina and Heigold, Georg},
  booktitle = {2014 IEEE International Conference on Acoustics, Speech and Signal Processing (ICASSP)},
  title     = {Small-footprint keyword spotting using deep neural networks},
  year      = {2014},
  volume    = {},
  number    = {},
  pages     = {4087-4091},
  doi       = {10.1109/ICASSP.2014.6854370}
}
@inproceedings{Efficient,
  title     = {Efficient Voice Trigger Detection for Low Resource Hardware},
  author    = {Siddharth Sigtia and R. Haynes and H. Richards and E. Marchi and J. Bridle},
  booktitle = {INTERSPEECH},
  year      = {2018}
}
@misc{wordstart,
  title         = {Accurate Detection of Wake Word Start and End Using a CNN},
  author        = {Christin Jose and Yuriy Mishchenko and Thibaud Senechal and Anish Shah and Alex Escott and Shiv Vitaladevuni},
  year          = {2020},
  eprint        = {2008.03790},
  archiveprefix = {arXiv},
  primaryclass  = {eess.AS}
}
@misc{aiblog,
  title   = {Launching the Speech Commands Dataset},
  url     = {https://ai.googleblog.com/2017/08/launching-speech-commands-dataset.html},
  journal = {Google AI Blog},
  year    = {2017},
  month   = {Aug}
}
@misc{audioset,
  title   = {Ontology-Noise},
  url     = {https://research.google.com/audioset/ontology/noise_1.html},
  journal = {Google Audioset}
}
@article{syllables,
  author  = {Tsai, Tsung-Han and Hao, Ping-Cheng and Wang, Chiao-Li},
  journal = {IEEE Access},
  title   = {Self-Defined Text-Dependent Wake-Up-Words Speaker Recognition System},
  year    = {2021},
  volume  = {},
  number  = {},
  pages   = {1-1},
  doi     = {10.1109/ACCESS.2021.3117602}
}
@misc{noise,
  author    = {Karol J. Piczak},
  publisher = {Harvard Dataverse},
  title     = {ESC: Dataset for Environmental Sound Classification},
  year      = {2015},
  version   = {V2},
  doi       = {10.7910/DVN/YDEPUT},
  url       = {https://doi.org/10.7910/DVN/YDEPUT}
}
@misc{tony,
  author    = {Chengwei Zhang},
  title     = {Keras-Trigger-Word},
  year      = {2018},
  publisher = {GitHub},
  journal   = {GitHub repository},
  url       = {https://github.com/Tony607/Keras-Trigger-Word}
}
@misc{hymel,
  author    = {Shawn Hymel},
  title     = {tflite-speech-recognition},
  year      = {2020},
  publisher = {GitHub},
  journal   = {GitHub repository},
  url       = {https://github.com/ShawnHymel/tflite-speech-recognition}
}
@misc{jake,
  author    = {Jake Jones},
  title     = {smithers},
  year      = {2021},
  publisher = {GitHub},
  journal   = {GitHub repository},
  url       = {https://github.com/bruthaearl/smithers}
}
@misc{lyons,
  title   = {Mel Frequency Cepstral Coefficient (MFCC) tutorial},
  url     = {http://practicalcryptography.com/miscellaneous/machine-learning/guide-mel-frequency-cepstral-coefficients-mfccs/},
  journal = {Practical Cryptography},
  author  = {Lyons, James}
}
@misc{tensorflowlite,
  title     = {TensorFlow Lite: ML for Mobile and Edge Devices},
  url       = {https://www.tensorflow.org/lite},
  publisher = {TensorFlow}
}
@inproceedings{optimalmfcc,
  author    = {Sadeghi, Mohsen and Marvi, Hossein},
  booktitle = {2017 3rd Iranian Conference on Intelligent Systems and Signal Processing (ICSPIS)},
  title     = {Optimal MFCC features extraction by differential evolution algorithm for speaker recognition},
  year      = {2017},
  volume    = {},
  number    = {},
  pages     = {169-173},
  doi       = {10.1109/ICSPIS.2017.8311610}
}


